@article{SHEN2018407,
title = "The scalar auxiliary variable (SAV) approach for gradient flows",
journal = "Journal of Computational Physics",
volume = "353",
pages = "407 - 416",
year = "2018",
issn = "0021-9991",
doi = "https://doi.org/10.1016/j.jcp.2017.10.021",
url = "http://www.sciencedirect.com/science/article/pii/S002199911730774X",
author = "Jie Shen and Jie Xu and Jiang Yang",
keywords = "Gradient flows, Unconditionally energy stability, Cahn–Hilliard equation",
abstract = "We propose a new approach, which we term as scalar auxiliary variable (SAV) approach, to construct efficient and accurate time discretization schemes for a large class of gradient flows. The SAV approach is built upon the recently introduced IEQ approach. It enjoys all advantages of the IEQ approach but overcomes most of its shortcomings. In particular, the SAV approach leads to numerical schemes that are unconditionally energy stable and extremely efficient in the sense that only decoupled equations with constant coefficients need to be solved at each time step. The scheme is not restricted to specific forms of the nonlinear part of the free energy, so it applies to a large class of gradient flows. Numerical results are presented to show that the accuracy and effectiveness of the SAV approach over the existing methods."
}

@article{doi:10.1137/0730084,
author = {Elliott, C. and Stuart, A.},
title = {The Global Dynamics of Discrete Semilinear Parabolic Equations},
journal = {SIAM Journal on Numerical Analysis},
volume = {30},
number = {6},
pages = {1622-1663},
year = {1993},
doi = {10.1137/0730084},

URL = { 
        https://doi.org/10.1137/0730084
    
},
eprint = { 
        https://doi.org/10.1137/0730084
    
}

}

@CONFERENCE{Eyre199839,
author={Eyre, David J.},
title={Unconditionally gradient stable time marching the Cahn-Hilliard equation},
journal={Materials Research Society Symposium - Proceedings},
year={1998},
volume={529},
pages={39-46},
note={cited By 157},
url={https://www.scopus.com/inward/record.uri?eid=2-s2.0-0032321134&partnerID=40&md5=c4e46ec1e406a0dac18bf0b43f479fe9},
document_type={Conference Paper},
source={Scopus},
}

@ARTICLE{Zhu19993564,
author={Zhu, J. and Chen, L.-Q. and Shen, J. and Tikare, V.},
title={Coarsening kinetics from a variable-mobility cahn-hilliard equation: Application of a semi-implicit fourier spectral method},
journal={Physical Review E - Statistical Physics, Plasmas, Fluids, and Related Interdisciplinary Topics},
year={1999},
volume={60},
number={4},
pages={3564-3572},
doi={10.1103/PhysRevE.60.3564},
note={cited By 272},
url={https://www.scopus.com/inward/record.uri?eid=2-s2.0-0000707473&doi=10.1103%2fPhysRevE.60.3564&partnerID=40&md5=15be1e4eaf692db7d2124aa4edb22062},
document_type={Article},
source={Scopus},
}

@ARTICLE{Shen20101669,
author={Shen, J. and Yang, X.},
title={Numerical approximations of allen-cahn and cahn-hilliard equations},
journal={Discrete and Continuous Dynamical Systems},
year={2010},
volume={28},
number={4},
pages={1669-1691},
doi={10.3934/dcds.2010.28.1669},
note={cited By 177},
url={https://www.scopus.com/inward/record.uri?eid=2-s2.0-77957918727&doi=10.3934%2fdcds.2010.28.1669&partnerID=40&md5=e65a742b562bc14cc0a1336341237a8f},
document_type={Article},
source={Scopus},
}

@ARTICLE{Guillén-gonzález2013140,
author={Guillén-gonzález, F. and Tierra, G.},
title={On linear schemes for a cahn-hilliard diffuse interface model},
journal={Journal of Computational Physics},
year={2013},
volume={234},
number={1},
pages={140-171},
doi={10.1016/j.jcp.2012.09.020},
note={cited By 43},
url={https://www.scopus.com/inward/record.uri?eid=2-s2.0-84870538130&doi=10.1016%2fj.jcp.2012.09.020&partnerID=40&md5=62937e68204bc7cdfc0dd52da544a484},
document_type={Article},
source={Scopus},
}

@ARTICLE{Badia20111686,
author={Badia, S. and Guillén-González, F. and Gutiérrez-Santacreu, J.V.},
title={Finite element approximation of nematic liquid crystal flows using a saddle-point structure},
journal={Journal of Computational Physics},
year={2011},
volume={230},
number={4},
pages={1686-1706},
doi={10.1016/j.jcp.2010.11.033},
note={cited By 19},
url={https://www.scopus.com/inward/record.uri?eid=2-s2.0-78650568203&doi=10.1016%2fj.jcp.2010.11.033&partnerID=40&md5=fd563e70af2e5e364ffcd04ac0ed328f},
document_type={Article},
source={Scopus},
}

@ARTICLE{Yang2016294,
author={Yang, X.},
title={Linear, first and second-order, unconditionally energy stable numerical schemes for the phase field model of homopolymer blends},
journal={Journal of Computational Physics},
year={2016},
volume={327},
pages={294-316},
doi={10.1016/j.jcp.2016.09.029},
note={cited By 35},
url={https://www.scopus.com/inward/record.uri?eid=2-s2.0-84988916643&doi=10.1016%2fj.jcp.2016.09.029&partnerID=40&md5=e285d30dc1c5d4246baaf1db0c315fc8},
document_type={Article},
source={Scopus},
}

@ARTICLE{Yang2017691,
author={Yang, X. and Ju, L.},
title={Efficient linear schemes with unconditional energy stability for the phase field elastic bending energy model},
journal={Computer Methods in Applied Mechanics and Engineering},
year={2017},
volume={315},
pages={691-712},
doi={10.1016/j.cma.2016.10.041},
note={cited By 30},
url={https://www.scopus.com/inward/record.uri?eid=2-s2.0-85003422191&doi=10.1016%2fj.cma.2016.10.041&partnerID=40&md5=4e00dffa7aefc938a621604de16cce21},
document_type={Article},
source={Scopus},
}

@ARTICLE{Yang2017104,
author={Yang, X. and Zhao, J. and Wang, Q.},
title={Numerical approximations for the molecular beam epitaxial growth model based on the invariant energy quadratization method},
journal={Journal of Computational Physics},
year={2017},
volume={333},
pages={104-127},
doi={10.1016/j.jcp.2016.12.025},
note={cited By 28},
url={https://www.scopus.com/inward/record.uri?eid=2-s2.0-85008879638&doi=10.1016%2fj.jcp.2016.12.025&partnerID=40&md5=412203253ec6fad16da1ff0da83872d8},
document_type={Article},
source={Scopus},
}

@ARTICLE{Yu2017665,
author={Yu, H. and Yang, X.},
title={Numerical approximations for a phase-field moving contact line model with variable densities and viscosities},
journal={Journal of Computational Physics},
year={2017},
volume={334},
pages={665-686},
doi={10.1016/j.jcp.2017.01.026},
note={cited By 17},
url={https://www.scopus.com/inward/record.uri?eid=2-s2.0-85010289968&doi=10.1016%2fj.jcp.2017.01.026&partnerID=40&md5=96c02deb5b12f218f0082115aeb92cb7},
document_type={Article},
source={Scopus},
}

@ARTICLE{Zhao2017803,
author={Zhao, J. and Yang, X. and Gong, Y. and Wang, Q.},
title={A novel linear second order unconditionally energy stable scheme for a hydrodynamic Q-tensor model of liquid crystals},
journal={Computer Methods in Applied Mechanics and Engineering},
year={2017},
volume={318},
pages={803-825},
doi={10.1016/j.cma.2017.01.031},
note={cited By 23},
url={https://www.scopus.com/inward/record.uri?eid=2-s2.0-85014165227&doi=10.1016%2fj.cma.2017.01.031&partnerID=40&md5=a17679a798ef871261b4d482beb50e90},
document_type={Article},
source={Scopus},
}

@ARTICLE{Yang20171005,
author={Yang, X. and Ju, L.},
title={Linear and unconditionally energy stable schemes for the binary fluid–surfactant phase field model},
journal={Computer Methods in Applied Mechanics and Engineering},
year={2017},
volume={318},
pages={1005-1029},
doi={10.1016/j.cma.2017.02.011},
note={cited By 22},
url={https://www.scopus.com/inward/record.uri?eid=2-s2.0-85014457724&doi=10.1016%2fj.cma.2017.02.011&partnerID=40&md5=0cf2d76e7653ac544ae9235574e468ff},
document_type={Article},
source={Scopus},
}

@article{doi:10.1142/S0218202517500373,
author = {Yang, Xiaofeng and Zhao, Jia and Wang, Qi and Shen, Jie},
title = {Numerical approximations for a three-component Cahn–Hilliard phase-field model based on the invariant energy quadratization method},
journal = {Mathematical Models and Methods in Applied Sciences},
volume = {27},
number = {11},
pages = {1993-2030},
year = {2017},
doi = {10.1142/S0218202517500373},

URL = { 
        https://doi.org/10.1142/S0218202517500373
    
},
eprint = { 
        https://doi.org/10.1142/S0218202517500373
    
}
,
    abstract = { How to develop efficient numerical schemes while preserving energy stability at the discrete level is challenging for the three-component Cahn–Hilliard phase-field model. In this paper, we develop a set of first- and second-order temporal approximation schemes based on a novel “Invariant Energy Quadratization” approach, where all nonlinear terms are treated semi-explicitly. Consequently, the resulting numerical schemes lead to well-posed linear systems with a linear symmetric, positive definite at each time step. We prove that the developed schemes are unconditionally energy stable and present various 2D and 3D numerical simulations to demonstrate the stability and the accuracy of the schemes. }
}

@article{doi:10.1137/17M1159968,
author = {Shen, J. and Xu, J.},
title = {Convergence and Error Analysis for the  Scalar Auxiliary Variable (SAV) Schemes to Gradient Flows},
journal = {SIAM Journal on Numerical Analysis},
volume = {56},
number = {5},
pages = {2895-2912},
year = {2018},
doi = {10.1137/17M1159968},

URL = { 
        https://doi.org/10.1137/17M1159968
    
},
eprint = { 
        https://doi.org/10.1137/17M1159968
    
}

}

